@book{ogata2015,
	author    = {Katsuhiko Ogata},
	title     = {Ingeniería de control moderna},
	edition   = {5},
	publisher = {Pearson},
	year      = {2015}
}
@online{sistemas_segundo_orden,
	author    = {Control Automático Educación},
	title     = {Sistemas de Segundo Orden},
	year      = {2023},
	url       = {https://controlautomaticoeducacion.com/control-realimentado/sistemas-de-segundo-orden/},
	note      = {Último acceso: 25 de septiembre de 2024},
}
