@misc{ecolocalizacion,
  title = {¿Qué es la eco localización?},
  author = {Arizona State University},
  year = {2022},
  note = {(consultado el 20 de abril de 2024)},
  howpublished = "\url{https://askabiologist.asu.edu/eco-localizacion}"
}

@article{rosales2017diseno,
  title={Dise{\~n}o De Un Prototipo De Pruebas De Un Sonar Monoest{\'a}tico Utilizando Radio Definida Por Software},
  author={Rosales, FI Vera and Guijarro, AM Mora},
  journal={UNIVERSIDAD POLIT{\'E}CNICA SALESIANA SEDE GUAYAQUIL},
  year={2017}
}

@mastersthesis{alvarez2015sistema,
  title={Sistema Radar para An{\'a}lisis y Reconstrucci{\'o}n de Perfiles Topogr{\'a}ficos a Media Escala},
  author={{\'A}lvarez Gonz{\'a}lez, Ren{\'e} Javier and Shag{\~n}ay Vimos, Sandra Isabel},
  type={{B.S.} thesis},
  year={2015},
  school={Escuela Superior Polit{\'e}cnica de Chimborazo}
}

@article{diaz2005modelado,
  title={Modelado De Un Sonar Doppler De Pulsos (PDR)},
  author={D{\'\i}az, M Arramb{\'\i}},
  journal={INSTITUTO POLIT{\'E}CNICO NACIONAL},
  year={2005}
}

@book{perez2024,
	author    = {Juan Pérez Martínez},
	title     = {Introducción al Diseño de Documentos con LaTeX},
	edition   = {2},
	publisher = {Editorial TeXPress},
	year      = {2024},
	address   = {Madrid},
	isbn      = {978-84-123456-7-8}
}
