@book{ogata2015,
	author    = {Katsuhiko Ogata},
	title     = {Ingenier√≠a de control moderna},
	edition   = {5},
	publisher = {Pearson},
	year      = {2015}
}